%BIBLIOGRAFIA
@book{reyes2011robotica,
  title={Rob{\'o}tica-Control de robots manipuladores},
  author={Reyes, Fernando},
  year={2011},
  publisher={Alfaomega grupo editor}
}
@book{baturone2005robotica,
  title={Rob{\'o}tica: manipuladores y robots m{\'o}viles},
  author={Baturone, An{\'\i}bal Ollero},
  year={2005},
  publisher={Marcombo}
}